<?xml version="1.0" encoding="UTF-8"?><record xmlns="http://www.loc.gov/MARC21/slim" xmlns:cinclude="http://apache.org/cocoon/include/1.0" xmlns:zs="http://www.loc.gov/zing/srw/">
  <leader>00506cz  a2200133n  4500</leader>
  <controlfield tag="001">n  82128312 </controlfield>
  <controlfield tag="003">DLC</controlfield>
  <controlfield tag="005">19950629174908.5</controlfield>
  <controlfield tag="008">820920n| acannaab|          |a ana |||  </controlfield>
  <datafield tag="010" ind1=" " ind2=" ">
    <subfield code="a">n  82128312 </subfield>
  </datafield>
  <datafield tag="040" ind1=" " ind2=" ">
    <subfield code="a">DLC</subfield>
    <subfield code="c">DLC</subfield>
    <subfield code="d">DLC</subfield>
  </datafield>
  <datafield tag="110" ind1="2" ind2="0">
    <subfield code="a">Klášter třeboňský</subfield>
  </datafield>
  <datafield tag="410" ind1="1" ind2="0">
    <subfield code="a">Třeboň (Czech Republic).</subfield>
    <subfield code="b">Klášter třeboňský</subfield>
  </datafield>
  <datafield tag="670" ind1=" " ind2=" ">
    <subfield code="a">Urbář z roku 1378 a účty kláštera třeboňského z let 1367-1407, 1949 (a.e.)</subfield>
    <subfield code="b">t.p. (Kláštera třeboňského) p. v, etc. (founded 14th cent.)</subfield>
  </datafield>
</record>